<record xmlns='http://www.loc.gov/MARC21/slim'><leader>01366cim a22003612u 4500</leader><controlfield tag='001'>3601895</controlfield><controlfield tag='005'>20151214182955.0</controlfield><controlfield tag='007'>ss|lmnjluz|nuu</controlfield><controlfield tag='008'>991101s1982    nyunnn         l    eng d</controlfield><datafield ind1=' ' ind2=' ' tag='035'><subfield code='a'>(NIC)notisASF8960</subfield></datafield><datafield ind1=' ' ind2=' ' tag='035'><subfield code='a'>3601895</subfield></datafield><datafield ind1=' ' ind2=' ' tag='035'><subfield code='a'>(OCoLC)63898441</subfield></datafield><datafield ind1=' ' ind2=' ' tag='040'><subfield code='a'>NIC</subfield><subfield code='c'>NIC</subfield><subfield code='d'>NIC</subfield><subfield code='d'>NIC</subfield></datafield><datafield ind1='1' ind2=' ' tag='100'><subfield code='a'>Rich, Adrienne,</subfield><subfield code='d'>1929-2012.</subfield></datafield><datafield ind1='1' ind2='0' tag='245'><subfield code='a'>Adrienne Rich reads her own poetry</subfield><subfield code='h'>[sound recording]</subfield></datafield><datafield ind1=' ' ind2=' ' tag='260'><subfield code='c'>1982.</subfield></datafield><datafield ind1=' ' ind2=' ' tag='300'><subfield code='a'>2 sound cassettes :</subfield><subfield code='b'>analog, mono.</subfield></datafield><datafield ind1=' ' ind2=' ' tag='500'><subfield code='a'>Recorded in Ithaca, NY by Cornell University.</subfield></datafield><datafield ind1=' ' ind2=' ' tag='500'><subfield code='a'>Sponsored by: Women&apos;s Studies Program.</subfield></datafield><datafield ind1=' ' ind2=' ' tag='500'><subfield code='a'>Speaker(s): Andrew D. White Professor-at-Large; poet and leading feminist thinker.</subfield></datafield><datafield ind1=' ' ind2=' ' tag='518'><subfield code='a'>Reading, May 5, 1982.</subfield></datafield><datafield ind1=' ' ind2=' ' tag='520'><subfield code='a'>Rich reads a collections of her poems which illustrate her feminist views on issues such as the Holocaust, racism and sexuality.</subfield></datafield><datafield ind1=' ' ind2=' ' tag='540'><subfield code='a'>No reproductions authorized.</subfield></datafield><datafield ind1='1' ind2='0' tag='600'><subfield code='a'>Rich, Adrienne,</subfield><subfield code='d'>1929-2012.</subfield></datafield><datafield ind1=' ' ind2='0' tag='650'><subfield code='a'>Feminism in literature.</subfield></datafield><datafield ind1=' ' ind2='0' tag='650'><subfield code='a'>Women</subfield><subfield code='x'>Poetry.</subfield></datafield><datafield ind1='1' ind2='7' tag='600'><subfield code='a'>Rich, Adrienne,</subfield><subfield code='d'>1929-2012</subfield><subfield code='2'>fast</subfield><subfield code='0'>(OCoLC)fst01799606</subfield></datafield><datafield ind1=' ' ind2='7' tag='650'><subfield code='a'>Feminism in literature</subfield><subfield code='2'>fast</subfield><subfield code='0'>(OCoLC)fst00922752</subfield></datafield><datafield ind1=' ' ind2='7' tag='650'><subfield code='a'>Women</subfield><subfield code='2'>fast</subfield><subfield code='0'>(OCoLC)fst01176568</subfield></datafield><datafield ind1=' ' ind2='7' tag='655'><subfield code='a'>Poetry</subfield><subfield code='2'>fast</subfield><subfield code='0'>(OCoLC)fst01423828</subfield></datafield><datafield ind1='1' ind2=' ' tag='899'><subfield code='a'>CULectures</subfield></datafield><datafield ind1=' ' ind2=' ' tag='905'><subfield code='a'>20000316120000.0</subfield></datafield><datafield ind1='2' ind2=' ' tag='948'><subfield code='a'>20141221</subfield><subfield code='b'>m</subfield><subfield code='d'>batch</subfield><subfield code='e'>lts</subfield><subfield code='x'>addfast</subfield></datafield></record>